@Manual{base,
title = {{R}: A Language and Environment for Statistical Computing},
  author = {{R Core Team}},
  organization = {R Foundation for Statistical Computing},
  address = {Vienna, Austria},
  year = {2025},
  url = {https://www.R-project.org/},
}
@Book{car,
  title = {An {R} Companion to Applied Regression},
  edition = {Third},
  author = {John Fox and Sanford Weisberg},
  year = {2019},
  publisher = {Sage},
  address = {Thousand Oaks {CA}},
  url = {https://www.john-fox.ca/Companion/},
}
@Manual{checkdown,
  title = {Create check-fields and check-boxes with checkdown},
  author = {George Moroz},
  year = {2020},
  url = {https://CRAN.R-project.org/package=checkdown},
}
@Manual{colorBlindness,
title = {{colorBlindness}: Safe Color Set for Color Blindness},
  author = {Jianhong Ou},
  year = {2021},
  note = {R package version 0.1.9},
  url = {https://CRAN.R-project.org/package=colorBlindness},
  doi = {10.32614/CRAN.package.colorBlindness},
}
@Manual{datasauRus,
title = {{datasauRus}: Datasets from the Datasaurus Dozen},
  author = {Colin Gillespie and Steph Locke and Rhian Davies and Lucy {D'Agostino McGowan}},
  year = {2025},
  note = {R package version 0.1.9},
  url = {https://CRAN.R-project.org/package=datasauRus},
  doi = {10.32614/CRAN.package.datasauRus},
}
@Article{effectsize,
  title = {{e}ffectsize: Estimation of Effect Size Indices and Standardized Parameters},
  author = {Mattan S. Ben-Shachar and Daniel Lüdecke and Dominique Makowski},
  year = {2020},
  journal = {Journal of Open Source Software},
  volume = {5},
  number = {56},
  pages = {2815},
  publisher = {The Open Journal},
  doi = {10.21105/joss.02815},
  url = {https://doi.org/10.21105/joss.02815},
}
@Manual{emmeans,
title = {{emmeans}: Estimated Marginal Means, aka Least-Squares Means},
  author = {Russell V. Lenth},
  year = {2025},
  note = {R package version 1.11.1},
  url = {https://CRAN.R-project.org/package=emmeans},
  doi = {10.32614/CRAN.package.emmeans},
}
@Manual{ggmosaic,
title = {{ggmosaic}: Mosaic Plots in the `{ggplot2}' Framework},
  author = {Haley Jeppson and Heike Hofmann and Di Cook},
  year = {2021},
  note = {R package version 0.3.3},
  url = {https://CRAN.R-project.org/package=ggmosaic},
  doi = {10.32614/CRAN.package.ggmosaic},
}
@Manual{ggpattern,
title = {{ggpattern}: `{ggplot2}' Pattern Geoms},
  author = {Mike FC and Trevor L. Davis and {ggplot2 authors}},
  year = {2025},
  note = {R package version 1.1.4},
  url = {https://CRAN.R-project.org/package=ggpattern},
  doi = {10.32614/CRAN.package.ggpattern},
}
@Manual{ggrepel,
title = {{ggrepel}: Automatically Position Non-Overlapping Text Labels with
`{ggplot2}'},
  author = {Kamil Slowikowski},
  year = {2024},
  note = {R package version 0.9.6},
  url = {https://CRAN.R-project.org/package=ggrepel},
  doi = {10.32614/CRAN.package.ggrepel},
}
@Manual{ggwordcloud,
title = {{ggwordcloud}: A Word Cloud Geom for `{ggplot2}'},
  author = {Erwan {Le Pennec} and Kamil Slowikowski},
  year = {2024},
  note = {R package version 0.6.2},
  url = {https://CRAN.R-project.org/package=ggwordcloud},
  doi = {10.32614/CRAN.package.ggwordcloud},
}
@Manual{gt,
title = {{gt}: Easily Create Presentation-Ready Display Tables},
  author = {Richard Iannone and Joe Cheng and Barret Schloerke and Ellis Hughes and Alexandra Lauer and JooYoung Seo and Ken Brevoort and Olivier Roy},
  year = {2025},
  note = {R package version 1.0.0},
  url = {https://CRAN.R-project.org/package=gt},
  doi = {10.32614/CRAN.package.gt},
}
@Manual{here,
title = {{here}: A Simpler Way to Find Your Files},
  author = {Kirill Müller},
  year = {2020},
  note = {R package version 1.0.1},
  url = {https://CRAN.R-project.org/package=here},
  doi = {10.32614/CRAN.package.here},
}
@Manual{janeaustenr,
title = {{janeaustenr}: Jane Austen's Complete Novels},
  author = {Julia Silge},
  year = {2022},
  note = {R package version 1.0.0},
  url = {https://CRAN.R-project.org/package=janeaustenr},
  doi = {10.32614/CRAN.package.janeaustenr},
}
@Manual{kableExtra,
title = {{kableExtra}: Construct Complex Table with `{kable}' and Pipe Syntax},
  author = {Hao Zhu},
  year = {2024},
  note = {R package version 1.4.0},
  url = {https://CRAN.R-project.org/package=kableExtra},
  doi = {10.32614/CRAN.package.kableExtra},
}
@Manual{knitcitations,
title = {{knitcitations}: Citations for `{Knitr}' Markdown Files},
  author = {Carl Boettiger},
  year = {2021},
  note = {R package version 1.0.12},
  url = {https://CRAN.R-project.org/package=knitcitations},
  doi = {10.32614/CRAN.package.knitcitations},
}
@Manual{knitr2025,
title = {{knitr}: A General-Purpose Package for Dynamic Report Generation in {R}},
  author = {Yihui Xie},
  year = {2025},
  note = {R package version 1.50},
  url = {https://yihui.org/knitr/},
}

@Book{knitr2015,
  title = {Dynamic Documents with {R} and knitr},
  author = {Yihui Xie},
  publisher = {Chapman and Hall/CRC},
  address = {Boca Raton, Florida},
  year = {2015},
  edition = {2nd},
  note = {ISBN 978-1498716963},
  url = {https://yihui.org/knitr/},
}

@InCollection{knitr2014,
  booktitle = {Implementing Reproducible Computational Research},
  editor = {Victoria Stodden and Friedrich Leisch and Roger D. Peng},
title = {{knitr}: A Comprehensive Tool for Reproducible Research in {R}},
  author = {Yihui Xie},
  publisher = {Chapman and Hall/CRC},
  year = {2014},
  note = {ISBN 978-1466561595},
}
@Manual{paletteer,
title = {{paletteer}: Comprehensive Collection of Color Palettes},
  author = {Emil Hvitfeldt},
  year = {2021},
  note = {R package version 1.3.0},
  url = {https://github.com/EmilHvitfeldt/paletteer},
}
@Manual{patchwork,
title = {{patchwork}: The Composer of Plots},
  author = {Thomas Lin Pedersen},
  year = {2024},
  note = {R package version 1.3.0},
  url = {https://CRAN.R-project.org/package=patchwork},
  doi = {10.32614/CRAN.package.patchwork},
}
@Article{performance,
  title = {{performance}: An {R} Package for Assessment, Comparison and Testing of Statistical Models},
  author = {Daniel Lüdecke and Mattan S. Ben-Shachar and Indrajeet Patil and Philip Waggoner and Dominique Makowski},
  year = {2021},
  journal = {Journal of Open Source Software},
  volume = {6},
  number = {60},
  pages = {3139},
  doi = {10.21105/joss.03139},
}
@Book{plotly,
  author = {Carson Sievert},
  title = {Interactive Web-Based Data Visualization with R, plotly, and shiny},
  publisher = {Chapman and Hall/CRC},
  year = {2020},
  isbn = {9781138331457},
  url = {https://plotly-r.com},
}
@Article{qqplotr,
  title = {{ggplot2} Compatible Quantile-Quantile Plots in R},
  author = {Alexandre Almeida and Adam Loy and Heike Hofmann},
  journal = {The R Journal},
  year = {2018},
  volume = {10},
  number = {2},
  pages = {248--261},
  doi = {10.32614/RJ-2018-051},
}
@Article{RefManageR2017,
  author = {Mathew William McLean},
title = {{RefManageR}: Import and Manage BibTeX and BibLaTeX References in R},
  journal = {The Journal of Open Source Software},
  year = {2017},
  doi = {10.21105/joss.00338},
}

@Manual{RefManageR2014,
  author = {Mathew William McLean},
  title = {Straightforward Bibliography Management in R Using the RefManager Package},
  note = {arXiv: 1403.2036 [cs.DL]},
  year = {2014},
  url = {https://arxiv.org/abs/1403.2036},
}
@Article{relaimpo,
  title = {Relative Importance for Linear Regression in R: The Package relaimpo},
  author = {Ulrike Groemping},
  journal = {Journal of Statistical Software},
  year = {2006},
  volume = {17},
  number = {1},
  pages = {1--27},
}
@Article{report,
  title = {Automated Results Reporting as a Practical Tool to Improve Reproducibility and Methodological Best Practices Adoption},
  author = {Dominique Makowski and Daniel Lüdecke and Indrajeet Patil and Rémi Thériault and Mattan S. Ben-Shachar and Brenton M. Wiernik},
  year = {2023},
  journal = {CRAN},
  url = {https://easystats.github.io/report/},
}
@Manual{rmarkdown2025,
title = {{rmarkdown}: Dynamic Documents for R},
  author = {JJ Allaire and Yihui Xie and Christophe Dervieux and Jonathan McPherson and Javier Luraschi and Kevin Ushey and Aron Atkins and Hadley Wickham and Joe Cheng and Winston Chang and Richard Iannone},
  year = {2025},
  note = {R package version 2.30},
  url = {https://github.com/rstudio/rmarkdown},
}

@Book{rmarkdown2018,
  title = {R Markdown: The Definitive Guide},
  author = {Yihui Xie and J.J. Allaire and Garrett Grolemund},
  publisher = {Chapman and Hall/CRC},
  address = {Boca Raton, Florida},
  year = {2018},
  isbn = {9781138359338},
  url = {https://bookdown.org/yihui/rmarkdown},
}

@Book{rmarkdown2020,
  title = {R Markdown Cookbook},
  author = {Yihui Xie and Christophe Dervieux and Emily Riederer},
  publisher = {Chapman and Hall/CRC},
  address = {Boca Raton, Florida},
  year = {2020},
  isbn = {9780367563837},
  url = {https://bookdown.org/yihui/rmarkdown-cookbook},
}
@Manual{scales,
title = {{scales}: Scale Functions for Visualization},
  author = {Hadley Wickham and Thomas Lin Pedersen and Dana Seidel},
  year = {2025},
  note = {R package version 1.4.0},
  url = {https://CRAN.R-project.org/package=scales},
  doi = {10.32614/CRAN.package.scales},
}
@Manual{sjPlot,
title = {{sjPlot}: Data Visualization for Statistics in Social Science},
  author = {Daniel Lüdecke},
  year = {2024},
  note = {R package version 2.8.17},
  url = {https://CRAN.R-project.org/package=sjPlot},
}
@Manual{skimr,
title = {{skimr}: Compact and Flexible Summaries of Data},
  author = {Elin Waring and Michael Quinn and Amelia McNamara and Eduardo {Arino de la Rubia} and Hao Zhu and Shannon Ellis},
  year = {2025},
  note = {R package version 2.2.1},
  url = {https://CRAN.R-project.org/package=skimr},
  doi = {10.32614/CRAN.package.skimr},
}
@Manual{tools,
title = {{R}: A Language and Environment for Statistical Computing},
  author = {{R Core Team}},
  organization = {R Foundation for Statistical Computing},
  address = {Vienna, Austria},
  year = {2025},
  url = {https://www.R-project.org/},
}
@Manual{truncnorm,
title = {{truncnorm}: Truncated Normal Distribution},
  author = {Olaf Mersmann and Heike Trautmann and Detlef Steuer and Björn Bornkamp},
  year = {2023},
  note = {R package version 1.0-9},
  url = {https://CRAN.R-project.org/package=truncnorm},
  doi = {10.32614/CRAN.package.truncnorm},
}
@Manual{viridis,
  title = {{viridis(Lite)} - Colorblind-Friendly Color Maps for R},
  author = {{Garnier} and {Simon} and {Ross} and {Noam} and {Rudis} and {Robert} and {Camargo} and Antônio Pedro and {Sciaini} and {Marco} and {Scherer} and {Cédric}},
  year = {2024},
  note = {viridis package version 0.6.5},
  url = {https://sjmgarnier.github.io/viridis/},
  doi = {10.5281/zenodo.4679423},
}
@Article{visreg,
  author = {Patrick Breheny and Woodrow Burchett},
  title = {Visualization of Regression Models Using visreg},
  journal = {The R Journal},
  year = {2017},
  volume = {9},
  pages = {56--71},
  number = {2},
}
@Manual{xfun,
title = {{xfun}: Supporting Functions for Packages Maintained by `{Yihui Xie}'},
  author = {Yihui Xie},
  year = {2025},
  note = {R package version 0.53},
  url = {https://CRAN.R-project.org/package=xfun},
  doi = {10.32614/CRAN.package.xfun},
}
@Article{tidyverse,
  title = {Welcome to the {tidyverse}},
  author = {Hadley Wickham and Mara Averick and Jennifer Bryan and Winston Chang and Lucy D'Agostino McGowan and Romain François and Garrett Grolemund and Alex Hayes and Lionel Henry and Jim Hester and Max Kuhn and Thomas Lin Pedersen and Evan Miller and Stephan Milton Bache and Kirill Müller and Jeroen Ooms and David Robinson and Dana Paige Seidel and Vitalie Spinu and Kohske Takahashi and Davis Vaughan and Claus Wilke and Kara Woo and Hiroaki Yutani},
  year = {2019},
  journal = {Journal of Open Source Software},
  volume = {4},
  number = {43},
  pages = {1686},
  doi = {10.21105/joss.01686},
}
